<marcxml:record xmlns:xlink="http://www.w3.org/1999/xlink" xmlns:marcxml="http://www.loc.gov/MARC21/slim" xmlns:mets="http://www.loc.gov/METS/" xmlns:mxe="http://www.loc.gov/mxe" xmlns:rdf="http://www.w3.org/1999/02/22-rdf-syntax-ns#" xmlns:rdfs="http://www.w3.org/2000/01/rdf-schema#" xmlns:skos="http://www.w3.org/2004/02/skos/core#" xmlns:madsrdf="http://www.loc.gov/mads/rdf/v1#" xmlns:ri="http://id.loc.gov/ontologies/RecordInfo#" xmlns:sem="http://marklogic.com/semantics">
  <marcxml:leader>01548cz  a2200277n  4500</marcxml:leader>
  <marcxml:controlfield tag="001">n93088738</marcxml:controlfield>
  <marcxml:controlfield tag="003">DLC</marcxml:controlfield>
  <marcxml:controlfield tag="005">20060416110642.0</marcxml:controlfield>
  <marcxml:controlfield tag="008">930910n| acannaabn          |a ana      </marcxml:controlfield>
  <marcxml:datafield tag="010" ind1=" " ind2=" ">
    <marcxml:subfield code="a">n  93088738 </marcxml:subfield>
  </marcxml:datafield>
  <marcxml:datafield tag="035" ind1=" " ind2=" ">
    <marcxml:subfield code="a">(OCoLC)oca03473898</marcxml:subfield>
  </marcxml:datafield>
  <marcxml:datafield tag="040" ind1=" " ind2=" ">
    <marcxml:subfield code="a">DLC</marcxml:subfield>
    <marcxml:subfield code="b">eng</marcxml:subfield>
    <marcxml:subfield code="c">DLC</marcxml:subfield>
    <marcxml:subfield code="d">ItFiC</marcxml:subfield>
    <marcxml:subfield code="d">IEN</marcxml:subfield>
  </marcxml:datafield>
  <marcxml:datafield tag="110" ind1="2" ind2=" ">
    <marcxml:subfield code="a">Basilica di S. Nicola da Tolentino (Tolentino, Italy)</marcxml:subfield>
  </marcxml:datafield>
  <marcxml:datafield tag="410" ind1="1" ind2=" ">
    <marcxml:subfield code="a">Tolentino (Italy).</marcxml:subfield>
    <marcxml:subfield code="b">Basilica di S. Nicola</marcxml:subfield>
  </marcxml:datafield>
  <marcxml:datafield tag="410" ind1="2" ind2=" ">
    <marcxml:subfield code="a">Basilica di San Nicola (Tolentino, Italy)</marcxml:subfield>
  </marcxml:datafield>
  <marcxml:datafield tag="410" ind1="2" ind2=" ">
    <marcxml:subfield code="a">Santuario S. Nicola dei PP. Agostiniani (Tolentino, Italy)</marcxml:subfield>
  </marcxml:datafield>
  <marcxml:datafield tag="410" ind1="1" ind2=" ">
    <marcxml:subfield code="w">nnaa</marcxml:subfield>
    <marcxml:subfield code="a">Tolentino, Italy.</marcxml:subfield>
    <marcxml:subfield code="b">Basilica di San Nicola</marcxml:subfield>
  </marcxml:datafield>
  <marcxml:datafield tag="410" ind1="2" ind2=" ">
    <marcxml:subfield code="a">Santuario di Tolentino (Tolentino, Italy)</marcxml:subfield>
  </marcxml:datafield>
  <marcxml:datafield tag="410" ind1="2" ind2=" ">
    <marcxml:subfield code="a">Santuario Tolentinate (Tolentino, Italy)</marcxml:subfield>
  </marcxml:datafield>
  <marcxml:datafield tag="410" ind1="2" ind2=" ">
    <marcxml:subfield code="a">Santuario di San Nicola (Tolentino, Italy)</marcxml:subfield>
  </marcxml:datafield>
  <marcxml:datafield tag="670" ind1=" " ind2=" ">
    <marcxml:subfield code="a">Arte e spiritualità negli ordini mendicanti, c1992:</marcxml:subfield>
    <marcxml:subfield code="b">t.p. (San Nicola a Tolentino) p. 21, etc. (Basilica di San Nicola)</marcxml:subfield>
  </marcxml:datafield>
  <marcxml:datafield tag="670" ind1=" " ind2=" ">
    <marcxml:subfield code="a">Arte in Italia, c1983:</marcxml:subfield>
    <marcxml:subfield code="b">p. 607 (Basilica di S. Nicola da Tolentino, Tolentino)</marcxml:subfield>
  </marcxml:datafield>
  <marcxml:datafield tag="670" ind1=" " ind2=" ">
    <marcxml:subfield code="a">Il presepio nel mondo, 1964:</marcxml:subfield>
    <marcxml:subfield code="b">t.p. (Santuario S. Nicola dei PP. Agostiniani, Tolentino)</marcxml:subfield>
  </marcxml:datafield>
  <marcxml:datafield tag="670" ind1=" " ind2=" ">
    <marcxml:subfield code="a">LC data base, 09-13-93</marcxml:subfield>
    <marcxml:subfield code="b">(hdg.: Tolentino, Italy. Basilica di San Nicola; usage: Santuario S. Nicola dei PP. Agostiniani, Tolentino)</marcxml:subfield>
  </marcxml:datafield>
  <marcxml:datafield tag="670" ind1=" " ind2=" ">
    <marcxml:subfield code="a">Per grazia ricevuta, c2005:</marcxml:subfield>
    <marcxml:subfield code="b">p. 5 (Santuario di Tolentino; Santuario Tolentinate) p. 9 (Santuario di San Nicola)</marcxml:subfield>
  </marcxml:datafield>
  <marcxml:datafield tag="670" ind1=" " ind2=" ">
    <marcxml:subfield code="a">Basilica di San Nicola a Tolentino WWW site, Mar. 17, 2006:</marcxml:subfield>
    <marcxml:subfield code="b">section guida al santuario (Cappellone, Museo, Convento)</marcxml:subfield>
    <marcxml:subfield code="u">http://www.sannicoladatolentino.it/index.htm</marcxml:subfield>
  </marcxml:datafield>
</marcxml:record>
